<record><leader>00000cas a22000007a 4500</leader><controlfield tag="001">11220465</controlfield><controlfield tag="008">841002d18571863njudn ne      0   a0eng  </controlfield><datafield ind1=" " ind2=" " tag="010"><subfield code="a">sn 84020605 </subfield></datafield><datafield ind1=" " ind2=" " tag="040"><subfield code="a">DLC</subfield><subfield code="b">eng</subfield><subfield code="c">DLC</subfield><subfield code="d">NPX</subfield><subfield code="d">NPA</subfield><subfield code="d">NPX</subfield><subfield code="d">NPA</subfield><subfield code="d">NJW</subfield><subfield code="d">UKMGB</subfield><subfield code="d">DLC</subfield></datafield><datafield ind1="7" ind2=" " tag="016"><subfield code="a">013914791</subfield><subfield code="2">Uk</subfield></datafield><datafield ind1="0" ind2=" " tag="022"><subfield code="a">2332-9262</subfield><subfield code="2">1</subfield></datafield><datafield ind1=" " ind2=" " tag="042"><subfield code="a">msc</subfield><subfield code="a">nsdp</subfield></datafield><datafield ind1="0" ind2="0" tag="050"><subfield code="a">Newspaper</subfield></datafield><datafield ind1="1" ind2="0" tag="082"><subfield code="a">071</subfield><subfield code="2">23</subfield></datafield><datafield ind1=" " ind2="0" tag="222"><subfield code="a">Daily State gazette and Republican</subfield><subfield code="b">(Trenton, N.J.)</subfield></datafield><datafield ind1="0" ind2="0" tag="245"><subfield code="a">Daily State gazette and Republican.</subfield></datafield><datafield ind1="0" ind2="0" tag="246"><subfield code="a">Daily State gazette &amp; Republican</subfield></datafield><datafield ind1="1" ind2="0" tag="246"><subfield code="a">Gazette &amp; Republican</subfield></datafield><datafield ind1="0" ind2="0" tag="246"><subfield code="a">Gazette and Republican</subfield></datafield><datafield ind1=" " ind2=" " tag="260"><subfield code="a">Trenton, N.J. :</subfield><subfield code="b">Jacob R. Freese &amp; E.R. Borden,</subfield><subfield code="c">1857-1863.</subfield></datafield><datafield ind1=" " ind2=" " tag="300"><subfield code="a">v.</subfield></datafield><datafield ind1=" " ind2=" " tag="310"><subfield code="a">Daily (except Sun.)</subfield></datafield><datafield ind1="0" ind2=" " tag="362"><subfield code="a">July 17, 1857-Aug. 18, 1857;    -v. 69, no. 712 (May 11, 1863).</subfield></datafield><datafield ind1=" " ind2=" " tag="530"><subfield code="a">Also issued on microfilm as part of the Civil War newspapers collection.</subfield></datafield><datafield ind1=" " ind2=" " tag="752"><subfield code="a">United States</subfield><subfield code="b">New Jersey</subfield><subfield code="c">Mercer</subfield><subfield code="d">Trenton.</subfield></datafield><datafield ind1="0" ind2=" " tag="775"><subfield code="t">Weekly State gazette and Republican</subfield><subfield code="x">2332-9203</subfield><subfield code="w">(DLC)sn 85036032</subfield><subfield code="w">(OCoLC)12719837</subfield></datafield><datafield ind1="0" ind2="4" tag="780"><subfield code="t">State gazette (Trenton, N.J. : 1840)</subfield><subfield code="w">(DLC)sn 84020603</subfield><subfield code="w">(OCoLC)11219990</subfield></datafield><datafield ind1="0" ind2="4" tag="780"><subfield code="t">New Jersey daily Republican</subfield><subfield code="w">(DLC)sn 85035598</subfield><subfield code="w">(OCoLC)11952681</subfield></datafield><datafield ind1="0" ind2="0" tag="785"><subfield code="t">Daily State gazette (Trenton, N.J. : 1863)</subfield><subfield code="x">2332-9254</subfield><subfield code="w">(DLC)sn 84026300</subfield><subfield code="w">(OCoLC)10383633</subfield></datafield><datafield ind1="1" ind2=" " tag="029"><subfield code="a">AU@</subfield><subfield code="b">000025812125</subfield></datafield></record>